@article{Chen2021,
   author = {Zuoyi Chen and Yanzhi Wang and Jun Wu and Chao Deng and Kui Hu},
   doi = {10.1007/s10489-020-02092-6},
   issn = {0924-669X},
   issue = {8},
   journal = {Applied Intelligence},
   month = {8},
   pages = {5598-5609},
   title = {Sensor data-driven structural damage detection based on deep convolutional neural networks and continuous wavelet transform},
   volume = {51},
   year = {2021},
}
